%% This BibTeX bibliography file was created using BibDesk.
%% https://bibdesk.sourceforge.io/

%% Created for admin at 2019-11-03 17:05:29 -0500 

\usepackage{url}
@article{bernstein2020noise,
  title={Noise-Aware Inference for Differential Privacy},
  author={Bernstein, Garrett},
  year={2020},
  publisher={Doctoral Dissertations}
}

@inproceedings{vu2009differential,
  title={Differential privacy for clinical trial data: Preliminary evaluations},
  author={Vu, Duy and Slavkovic, Aleksandra},
  booktitle={2009 IEEE International Conference on Data Mining Workshops},
  pages={138--143},
  year={2009},
  organization={IEEE}
}

@article{foulds2016theory,
  title={On the theory and practice of privacy-preserving Bayesian data analysis},
  author={Foulds, James and Geumlek, Joseph and Welling, Max and Chaudhuri, Kamalika},
  journal={arXiv preprint arXiv:1603.07294},
  year={2016}
}
@book{dwork2014algorithmic,
  title={The algorithmic foundations of differential privacy},
  author={Dwork, Cynthia and Roth, Aaron and others},
  journal={Foundations and Trends {\textregistered} in Theoretical Computer Science},
  year={2014},
  publisher={Now Publishers, Inc.}
}

@inproceedings{dwork2006,
 author = {Dwork, Cynthia and McSherry, Frank and Nissim, Kobbi and Smith, Adam},
 title = {Calibrating Noise to Sensitivity in Private Data Analysis},
 booktitle = {TCC},
 year = {2006},
 isbn = {3-540-32731-2, 978-3-540-32731-8},
 pages = {265--284},
 numpages = {20},
 publisher = {Springer-Verlag}
  } 

@inproceedings{talwar,
author = {McSherry, Frank and Talwar, Kunal},
title = {Mechanism Design via Differential Privacy},
booktitle = {FOCS},
year = {2007}
}

@inproceedings{nissim2007smooth,
  title={Smooth sensitivity and sampling in private data analysis},
  author={Nissim, Kobbi and Raskhodnikova, Sofya and Smith, Adam},
  booktitle={STOC},
  year = {2007},
  pages={75--84}
}

@inproceedings{zhang2016differential,
  title={On the Differential Privacy of Bayesian Inference},
  author={Zhang, Zuhe and Rubinstein, Benjamin IP and Dimitrakakis, Christos and others},
  booktitle={AAAI},
  year ={ 2016},
  pages={2365--2371}
}

@inproceedings{zheng2015differential,
  title={The Differential Privacy of Bayesian Inference},
  author={Zheng, Shijie},
  booktitle={Bachelor's thesis, Harvard College},
  year = {2015}
}


@inproceedings{foulds2016theory,
  author    = {James R. Foulds and
               Joseph Geumlek and
               Max Welling and
               Kamalika Chaudhuri},
  title     = {On the Theory and Practice of Privacy-Preserving Bayesian Data Analysis},
  booktitle = {UAI},
  year      = {2016}
  }


@article{xiao2012bayesian,
  title={Bayesian inference under differential privacy},
  author={Xiao, Yonghui and Xiong, Li},
  journal={arXiv preprint arXiv:1203.0617},
  year = { 2012}
}

@article{CIT-004,
year = {2004},
volume = {1},
journal = {Foundations and TrendsÂ® in Communications and Information Theory},
title = {Information Theory and Statistics: A Tutorial},
doi = {10.1561/0100000004},
issn = {1567-2190},
number = {4},
pages = {417-528},
author = {I. Csisz{\'a}r and P.C. Shields}
}

@inproceedings{Zhang2017privbayes,
 author = {Zhang, Jun and Cormode, Graham and Procopiuc, Cecilia M. and Srivastava, Divesh and Xiao, Xiaokui},
 title = {PrivBayes: Private Data Release via Bayesian Networks},
 journal = {SIGMOD},
 year = {2014},
 pages = {1423--1434}
 } 
 
@inproceedings{abadi2016deep,
  title={Deep learning with differential privacy},
  author={Abadi, Martin and Chu, Andy and Goodfellow, Ian and McMahan, H Brendan and Mironov, Ilya and Talwar, Kunal and Zhang, Li},
  booktitle={CCS},
  year = { 2016},
  pages={308--318}
}

@article{dimitrakakis2015differential,
  title={Differential privacy in a Bayesian setting through posterior sampling},
  author={Dimitrakakis, Christos and Nelson, Blaine and Zhang, Zuhe and Mitrokotsa, Aikaterini and Rubinsein, Benjamin IP},
  journal={Technical Report 1306.1066, arXiv},
  year = {2015}
}

@inproceedings{chaudhuri2012near,
  title={Near-optimal differentially private principal components},
  author={Chaudhuri, Kamalika and Sarwate, Anand and Sinha, Kaushik},
  booktitle={NIPS},
  year = {2012},
  pages={989--997}
}

@inproceedings{chaudhuri2009privacy,
  title={Privacy-preserving logistic regression},
  author={Chaudhuri, Kamalika and Monteleoni, Claire},
  booktitle={NIPS},
  year = {2009},
  pages={289--296}
}

@article{le2014differentially,
  title={Differentially private filtering},
  author={Le Ny, Jerome and Pappas, George J},
  journal={In IEEE Transactions on Automatic Control},
  year = { 2014},
  volume={59},
  number={2},
  pages={341--354},
  year={2014},
  publisher={IEEE}
}


@inproceedings{wang2015differentially,
  title={Differentially private subspace clustering},
  author={Wang, Yining and Wang, Yu-Xiang and Singh, Aarti},
  booktitle={NIPS},
  year = { 2015},
  pages={1000--1008}
}

@inproceedings{wang2015privacy,
  title={Privacy for free: Posterior sampling and stochastic gradient monte carlo},
  author={Wang, Yu-Xiang and Fienberg, Stephen and Smola, Alex},
  booktitle={ICML},
  year = { 2015},
  pages={2493--2502}
}

@inproceedings{dimitrakakis2014robust,
  title={Robust and private Bayesian inference},
  author={Dimitrakakis, Christos and Nelson, Blaine and Mitrokotsa, Aikaterini and Rubinstein, Benjamin IP},
  booktitle={ALT},
  year = { 2014},
  pages={291--305}
}

@inproceedings{williams2010probabilistic,
  title={Probabilistic inference and differential privacy},
  author={Williams, Oliver and McSherry, Frank},
  booktitle={NIPS},
  year = {2010},
  pages={2451--2459}
}

@inproceedings{chaudhuri2012convergence,
  title={Convergence rates for differentially private statistical estimation},
  author={Chaudhuri, Kamalika and Hsu, Daniel},
  booktitle={ICML},
  year = {2012},
  pages={1327}
}

@inproceedings{GeumlekSC17,
  author    = {Joseph Geumlek and
               Shuang Song and
               Kamalika Chaudhuri},
  title     = {Renyi Differential Privacy Mechanisms for Posterior Sampling},
  booktitle = {NIPS},
  pages     = {5295--5304},
  year      = {2017}
}

@inproceedings{BartheFGAGHS16,
  author    = {Gilles Barthe and
               Gian Pietro Farina and
               Marco Gaboardi and
               Emilio Jes{\'{u}}s Gallego Arias and
               Andy Gordon and
               Justin Hsu and
               Pierre{-}Yves Strub},
  title     = {Differentially Private Bayesian Programming},
  booktitle = {CCS},
  pages     = {68--79},
  year      = {2016}
  }
@article{ghosh2012universally,
  title={Universally utility-maximizing privacy mechanisms},
  author={Ghosh, Arpita and Roughgarden, Tim and Sundararajan, Mukund},
  journal={SIAM Journal on Computing},
  volume={41},
  number={6},
  pages={1673--1693},
  year={2012},
  publisher={SIAM}
}

@inproceedings{bernstein2019differentially,
  title={Differentially Private Bayesian Linear Regression},
  author={Bernstein, Garrett and Sheldon, Daniel R},
  booktitle={Advances in Neural Information Processing Systems},
  pages={523--533},
  year={2019}
}

@inproceedings{zhang2016differential,
  title={On the differential privacy of Bayesian inference},
  author={Zhang, Zuhe and Rubinstein, Benjamin IP and Dimitrakakis, Christos},
  booktitle={Thirtieth AAAI Conference on Artificial Intelligence},
  year={2016}
}

@inproceedings{Mironov2012on,
 author = {Mironov, Ilya},
 title = {On Significance of the Least Significant Bits for Differential Privacy},
 booktitle = {CCS},
 year = {2012}} 

@article{dwork2014algorithmic,
  title={The algorithmic foundations of differential privacy},
  author={Dwork, Cynthia and Roth, Aaron and others},
  journal={Foundations and Trends{\textregistered} in Theoretical Computer Science},
  year={2014}
}

@inproceedings{gaboardi2013linear,
  title={Linear dependent types for differential privacy},
  author={Gaboardi, Marco and Haeberlen, Andreas and Hsu, Justin and Narayan, Arjun and Pierce, Benjamin C},
  booktitle={POPL},
  year={2013}
  }

@inproceedings{reed2010distance,
  title={Distance makes the types grow stronger: a calculus for differential privacy},
  author={Reed, Jason and Pierce, Benjamin C},
  booktitle={ICFP},
  year={2010}
}

@article{dwork2015reusable,
  title={The reusable holdout: Preserving validity in adaptive data analysis},
  author={Dwork, Cynthia and Feldman, Vitaly and Hardt, Moritz and Pitassi, Toniann and Reingold, Omer and Roth, Aaron},
  journal={Science},
  year={2015}
  }

@inproceedings{dwork2015generalization,
  title={Generalization in adaptive data analysis and holdout reuse},
  author={Dwork, Cynthia and Feldman, Vitaly and Hardt, Moritz and Pitassi, Toni and Reingold, Omer and Roth, Aaron},
  booktitle={NIPS},
  year={2015}
}
@inproceedings{bassily2016algorithmic,
  title={Algorithmic stability for adaptive data analysis},
  author={Bassily, Raef and Nissim, Kobbi and Smith, Adam and Steinke, Thomas and Stemmer, Uri and Ullman, Jonathan},
  booktitle={STOC},
  year={2016}
  }

@inproceedings{dwork2015preserving,
  title={\href
		{https://arxiv.org/pdf/1411.2664.pdf}
		{Preserving Statistical Validity in Adaptive Data Analysis}},
  author={Dwork, Cynthia and Feldman, Vitaly and Hardt, Moritz and Pitassi, Toniann and Reingold, Omer and Roth, Aaron Leon},
  booktitle={STOC},
  year = {2015}
}

@inproceedings{dwork2006calibrating,
  title={\href
  		{https://people.csail.mit.edu/asmith/PS/sensitivity-tcc-final.pdf}
  		{Calibrating Noise to Sensitivity in Private Data Analysis}},
  author={Dwork, Cynthia and McSherry, Frank and Nissim, Kobbi and Smith, Adam},
  booktitle={TCC},
  year={2006}
}

@article{smith2017information,
  title={\href
		{https://arxiv.org/pdf/1706.00820.pdf}
		{Information, Privacy and Stability in Adaptive Data Analysis}},
  author={Smith, Adam},
  journal={arXiv preprint arXiv:1706.00820},
  year={2017}
  }

@article{jung2019new,
  title={\href
		{https://arxiv.org/pdf/1909.03577.pdf}
		{A New Analysis of Differential Privacy's Generalization Guarantees}},
  author={Jung, Christopher and Ligett, Katrina and Neel, Seth and Roth, Aaron and Sharifi-Malvajerdi, Saeed and Shenfeld, Moshe},
  journal={arXiv preprint arXiv:1909.03577},
  year={2019}
}

%% Saved with string encoding Unicode (UTF-8) 
@article{near2019duet,
 	title = {
 		\href
		{http://david.darais.com/assets/papers/duet/duet.pdf}
		{Duet: An Expressive Higher-order Language and Linear Type System for Statically Enforcing Differential Privacy}},
 	author = {Near, Joseph P. and Darais, David and Abuah, Chike and Stevens, Tim and Gaddamadugu, Pranav and Wang, Lun and Somani, Neel and Zhang, Mu and Sharma, Nikhil and Shan, Alex and Song, Dawn},
 	journal = {Proc.of ACM Programming Language},
 	year = {2019}
 }

@inproceedings{xi1999dependent,
 	title = {\href{https://www.cs.cmu.edu/~fp/papers/popl99.pdf}
 				{Dependent Types in Practical Programming}},
 	author = {Xi, Hongwei and Pfenning, Frank},
 	booktitle = {POPL},
 	year = {1999}
 }

@inproceedings{ye2017verified,
	title = {\href
		{https://www.cs.cmu.edu/~kqy/resources/Verified-HMAC-DRBG.pdf}
		{Verified Correctness and Security of mbedTLS HMAC-DRBG}},
	author = {Ye, Katherine Q. and Green, Matthew and Sanguansin, Naphat and Beringer, Lennart and Petcher, Adam and Appel, Andrew W.},
	booktitle = {CCS},
	year = {2017}
	}

@inproceedings{barthe2016proving,
	Title = {\href
		{https://arxiv.org/pdf/1601.05047.pdf}
		{Proving Differential Privacy via Probabilistic Couplings}},
	Author = {Barthe, Gilles and Gaboardi, Marco and Gr{\'e}goire, Benjamin and Hsu, Justin and Strub, Pierre-Yves},
	Booktitle = {LICS},
	year = {2016}
}