%% This BibTeX bibliography file was created using BibDesk.
%% https://bibdesk.sourceforge.io/

%% Created for admin at 2019-11-03 17:05:29 -0500 

\usepackage{url}
@article{ghosh2012universally,
  title={Universally utility-maximizing privacy mechanisms},
  author={Ghosh, Arpita and Roughgarden, Tim and Sundararajan, Mukund},
  journal={SIAM Journal on Computing},
  volume={41},
  number={6},
  pages={1673--1693},
  year={2012},
  publisher={SIAM}
}

@inproceedings{bernstein2019differentially,
  title={Differentially Private Bayesian Linear Regression},
  author={Bernstein, Garrett and Sheldon, Daniel R},
  booktitle={Advances in Neural Information Processing Systems},
  pages={523--533},
  year={2019}
}

@inproceedings{zhang2016differential,
  title={On the differential privacy of Bayesian inference},
  author={Zhang, Zuhe and Rubinstein, Benjamin IP and Dimitrakakis, Christos},
  booktitle={Thirtieth AAAI Conference on Artificial Intelligence},
  year={2016}
}

@inproceedings{Mironov2012on,
 author = {Mironov, Ilya},
 title = {On Significance of the Least Significant Bits for Differential Privacy},
 booktitle = {CCS},
 year = {2012}} 

@article{dwork2014algorithmic,
  title={The algorithmic foundations of differential privacy},
  author={Dwork, Cynthia and Roth, Aaron and others},
  journal={Foundations and Trends{\textregistered} in Theoretical Computer Science},
  year={2014}
}

@inproceedings{gaboardi2013linear,
  title={Linear dependent types for differential privacy},
  author={Gaboardi, Marco and Haeberlen, Andreas and Hsu, Justin and Narayan, Arjun and Pierce, Benjamin C},
  booktitle={POPL},
  year={2013}
  }

@inproceedings{reed2010distance,
  title={Distance makes the types grow stronger: a calculus for differential privacy},
  author={Reed, Jason and Pierce, Benjamin C},
  booktitle={ICFP},
  year={2010}
}

@article{dwork2015reusable,
  title={The reusable holdout: Preserving validity in adaptive data analysis},
  author={Dwork, Cynthia and Feldman, Vitaly and Hardt, Moritz and Pitassi, Toniann and Reingold, Omer and Roth, Aaron},
  journal={Science},
  year={2015}
  }

@inproceedings{dwork2015generalization,
  title={Generalization in adaptive data analysis and holdout reuse},
  author={Dwork, Cynthia and Feldman, Vitaly and Hardt, Moritz and Pitassi, Toni and Reingold, Omer and Roth, Aaron},
  booktitle={NIPS},
  year={2015}
}
@inproceedings{bassily2016algorithmic,
  title={Algorithmic stability for adaptive data analysis},
  author={Bassily, Raef and Nissim, Kobbi and Smith, Adam and Steinke, Thomas and Stemmer, Uri and Ullman, Jonathan},
  booktitle={STOC},
  year={2016}
  }

@inproceedings{dwork2015preserving,
  title={\href
		{https://arxiv.org/pdf/1411.2664.pdf}
		{Preserving Statistical Validity in Adaptive Data Analysis}},
  author={Dwork, Cynthia and Feldman, Vitaly and Hardt, Moritz and Pitassi, Toniann and Reingold, Omer and Roth, Aaron Leon},
  booktitle={STOC},
  year = {2015}
}

@inproceedings{dwork2006calibrating,
  title={\href
  		{https://people.csail.mit.edu/asmith/PS/sensitivity-tcc-final.pdf}
  		{Calibrating Noise to Sensitivity in Private Data Analysis}},
  author={Dwork, Cynthia and McSherry, Frank and Nissim, Kobbi and Smith, Adam},
  booktitle={TCC},
  year={2006}
}

@article{smith2017information,
  title={\href
		{https://arxiv.org/pdf/1706.00820.pdf}
		{Information, Privacy and Stability in Adaptive Data Analysis}},
  author={Smith, Adam},
  journal={arXiv preprint arXiv:1706.00820},
  year={2017}
  }

@article{jung2019new,
  title={\href
		{https://arxiv.org/pdf/1909.03577.pdf}
		{A New Analysis of Differential Privacy's Generalization Guarantees}},
  author={Jung, Christopher and Ligett, Katrina and Neel, Seth and Roth, Aaron and Sharifi-Malvajerdi, Saeed and Shenfeld, Moshe},
  journal={arXiv preprint arXiv:1909.03577},
  year={2019}
}

%% Saved with string encoding Unicode (UTF-8) 
@article{near2019duet,
 	title = {
 		\href
		{http://david.darais.com/assets/papers/duet/duet.pdf}
		{Duet: An Expressive Higher-order Language and Linear Type System for Statically Enforcing Differential Privacy}},
 	author = {Near, Joseph P. and Darais, David and Abuah, Chike and Stevens, Tim and Gaddamadugu, Pranav and Wang, Lun and Somani, Neel and Zhang, Mu and Sharma, Nikhil and Shan, Alex and Song, Dawn},
 	journal = {Proc.of ACM Programming Language},
 	year = {2019}
 }

@inproceedings{xi1999dependent,
 	title = {\href{https://www.cs.cmu.edu/~fp/papers/popl99.pdf}
 				{Dependent Types in Practical Programming}},
 	author = {Xi, Hongwei and Pfenning, Frank},
 	booktitle = {POPL},
 	year = {1999}
 }

@inproceedings{ye2017verified,
	title = {\href
		{https://www.cs.cmu.edu/~kqy/resources/Verified-HMAC-DRBG.pdf}
		{Verified Correctness and Security of mbedTLS HMAC-DRBG}},
	author = {Ye, Katherine Q. and Green, Matthew and Sanguansin, Naphat and Beringer, Lennart and Petcher, Adam and Appel, Andrew W.},
	booktitle = {CCS},
	year = {2017}
	}

@inproceedings{barthe2016proving,
	Title = {\href
		{https://arxiv.org/pdf/1601.05047.pdf}
		{Proving Differential Privacy via Probabilistic Couplings}},
	Author = {Barthe, Gilles and Gaboardi, Marco and Gr{\'e}goire, Benjamin and Hsu, Justin and Strub, Pierre-Yves},
	Booktitle = {LICS},
	year = {2016}
}